<?xml version="1.0" encoding="UTF-8"?><collection><record><leader>06995ntm a2200637 a 4500</leader><controlfield tag="001">006822128</controlfield><controlfield tag="003">MiAaHDL</controlfield><controlfield tag="005">20190719000000.0</controlfield><controlfield tag="006">m        d        </controlfield><controlfield tag="007">cr bn ---auaua</controlfield><controlfield tag="008">090623s15uu    xx            00| ||ota d</controlfield><datafield tag="035" ind1=" " ind2=" "><subfield code="a">(MiU)006822128</subfield></datafield><datafield tag="035" ind1=" " ind2=" "><subfield code="a">sdr-miu006822128</subfield></datafield><datafield tag="040" ind1=" " ind2=" "><subfield code="a">MiU</subfield><subfield code="c">MiU</subfield><subfield code="e">amremm</subfield></datafield><datafield tag="043" ind1=" " ind2=" "><subfield code="a">n-us-mi</subfield></datafield><datafield tag="100" ind1="0" ind2=" "><subfield code="6">880-01</subfield><subfield code="a">Fuzulî,</subfield><subfield code="d">1495?-1556.</subfield></datafield><datafield tag="240" ind1="1" ind2="0"><subfield code="6">880-02</subfield><subfield code="a">Ḥadīqat al-suʻadā</subfield></datafield><datafield tag="245" ind1="1" ind2="0"><subfield code="6">880-03</subfield><subfield code="a">Hadikatü's-süadâ,</subfield><subfield code="f">[16th century].</subfield></datafield><datafield tag="246" ind1="3" ind2=" "><subfield code="a">Hadikat üs-süadâ</subfield></datafield><datafield tag="246" ind1="3" ind2=" "><subfield code="a">Hadikatüssuada</subfield></datafield><datafield tag="246" ind1="3" ind2=" "><subfield code="i">Edge title (tail):</subfield><subfield code="a">كتاب حديقة السعداء</subfield></datafield><datafield tag="260" ind1=" " ind2=" "><subfield code="c">[15--].</subfield></datafield><datafield tag="300" ind1=" " ind2=" "><subfield code="a">277 leaves :</subfield><subfield code="b">paper ;</subfield><subfield code="c">231 x 155 (150 x 78) mm.</subfield></datafield><datafield tag="500" ind1=" " ind2=" "><subfield code="a">Shelfmark: Ann Arbor, University of Michigan, Special Collections Library, Isl. Ms. 387</subfield></datafield><datafield tag="500" ind1=" " ind2=" "><subfield code="a">Origin: Lacks dated colophon ; decoration, hand, paper, etc. suggest 16th century. Ownership statement at close on p.553 referring to Cığalzade Yusuf Sinan Paşa (d.1604) as vezir would seem to indicate a rough terminus ante quem of 1583-1596, i.e. the time of his vezirship prior to being appointed grand vezir.</subfield></datafield><datafield tag="500" ind1=" " ind2=" "><subfield code="a">Former shelfmark: "359 T. De M. [i.e. Tammaro De Marinis]" inscribed in pencil on recto of front flyleaf (p.1).</subfield></datafield><datafield tag="500" ind1=" " ind2=" "><subfield code="a">Binding: Pasteboards covered in dark maroon leather ; Type II binding (with flap), two-piece binding (seam of overlapping flanges visible at spine) ; doublures (board linings) in marbled paper (in pink, orange, and dark blue on white) with hinges in another marbled paper (in red, light blue and green on white) ; upper and lower covers carry stamped (with black recessed onlays) and gold-painted scalloped mandorla in black and gold (filled with vegetal composition compare Déroche class. OAi 8) and incised and gold-painted pendants, as well as gold-tooled border in a series of s-shaped stamps framed by fillets ; design continues with rosette and border on envelope flap ; sewn in dark pink thread, two stations ; worked chevron endbands in pink and cream (or pale yellow), fairly good condition ; overall in fair condition with some abrasion, staining, lifting of leather, etc.</subfield></datafield><datafield tag="500" ind1=" " ind2=" "><subfield code="a">Support: non-European (likely Persian) laid paper with roughly 8-9 laid lines per cm. (vertical or horizontal, quite indistinct) and faint irregular chain lines occasionally visible, cloudy formation, some inclusions, quite sturdy though fairly thin and transluscent, beige in color, well-burnished.</subfield></datafield><datafield tag="500" ind1=" " ind2=" "><subfield code="a">Decoration: Exquisite illuminated headpiece (ʻunwān) at opening on p.(4) consisting of small rectangular piece carrying opening line in set off by gold cloud-bands, surmounted by large rectangular piece surrounded in a heavy border and filled with empty gold cartouche and accents evoking bookcover design overlaid with swirling floral vegetal pattern in red, blue, yellow, gold, etc. on fields of lapis lazuli and gold, surmounted by triangular piece or hasp set in a rectangular piece with same swirling floral vegetal pattern on fields of lapis lazuli and gold, all surmounted by a series of vertical stalks (tīgh) in blue with red accents ; written area of incipit and facing page surrounded by heavy frame in a series of gold, green, red and blue bands ; keywords of incipit and facing page in blue or chrysographed ; written area surrounded by frame consisting of gold band with outermost blue rule ; headings, keywords and some excerpts rubricated.</subfield></datafield><datafield tag="500" ind1=" " ind2=" "><subfield code="a">Script: Nastaʻlīq (talik) ; elegant hand ; serifless with effect of words descending to baseline, elongation of horizontal strokes, mainly closed counters, pointing in distinct dots.</subfield></datafield><datafield tag="500" ind1=" " ind2=" "><subfield code="a">Layout: Written in 15 lines per page ; written area occasionally divided to two columns to set off poetry interspersed throughout.</subfield></datafield><datafield tag="500" ind1=" " ind2=" "><subfield code="a">Collation: i, 34 IV(272), II+1 (277) ; almost exclusively quaternions ; catchwords present ; pagination in pencil, Western numerals, supplied during digitization (includes front flyleaf).</subfield></datafield><datafield tag="500" ind1=" " ind2=" "><subfield code="a">Explicit: "تصدق قلوب بو ثوابي داخى موجب مزيد حسنات بيله لر تم"</subfield></datafield><datafield tag="500" ind1=" " ind2=" "><subfield code="a">Incipit: "رب اشرح لى صدرى ويسر لى امرى واحلل عقدة من لسانى يفقهوا قولي يا رب ره عشقكده بنى شيدا قيل احكام عبادتك بكا اجرا قيل ..."</subfield></datafield><datafield tag="500" ind1=" " ind2=" "><subfield code="a">Title from inscription on 'title page' (p.3).</subfield></datafield><datafield tag="500" ind1=" " ind2=" "><subfield code="a">Ms. codex.</subfield></datafield><datafield tag="510" ind1="4" ind2=" "><subfield code="a">Karahan, Abdülkadir. "Fuḍūlī , Muḥammad b. Sulaymān," EI2,</subfield><subfield code="c">vol. II, p. 937, col. 1</subfield></datafield><datafield tag="510" ind1="4" ind2=" "><subfield code="a">Cat. Turk. MSS. Brit. Mus.</subfield><subfield code="c">p. 39 f.</subfield></datafield><datafield tag="520" ind1="8" ind2=" "><subfield code="a">Elegant copy of Fuzulî's rendering of the suffering of the prophets, particularly Imām Ḥusayn in the tragedy at Karbalāʼ, drawn from Ḥusayn Vāʻiẓ Kāshifī's Rawz̤at al-shuhadāʼ, a Persian martyrology of ʻAlī and his family.</subfield></datafield><datafield tag="538" ind1=" " ind2=" "><subfield code="a">Mode of access: Internet.</subfield></datafield><datafield tag="541" ind1=" " ind2=" "><subfield code="c">Purchase ;</subfield><subfield code="a">Acquired by purchase (funds donated by Horace Rackham).</subfield><subfield code="d">1924.</subfield></datafield><datafield tag="546" ind1=" " ind2=" "><subfield code="a">Ottoman Turkish.</subfield></datafield><datafield tag="561" ind1=" " ind2=" "><subfield code="a">Several former owners' marks on 'title page' (p.3) including circular seal impression, oval seal impression ( in name of السيد محمد نظيف [?]) and octagonal seal impression accompanying ownership statement in name of one al-Sayyid Ḥamd Allāh, known as Shahsavārʹzādah (Seyit Hamdullah Şehsevârzade ), statement reads "هذا كتاب حديقة السعداء للسيد حمد الله الشهير بشهسوار زاده عفى عنه" ; statements on verso of front flyleaf (p.2) dated 22 Rajab 1261 [ca. 27 July 1845] and 1 [?] Dhū al-Qaʻdah 1265 [ca. 18 September 1849]) ; ownership statement accompanied by almond-shaped seal-impression following close on p.553 in name of one Hasan Çavuş ( حسن چاوش ), herald of the vezir Cığalzade Sinan Paşa (d.1605), statement reads "صاحب هو الفقير حسن چاوش دركاه عالى سرچاوشان سنان پاشا جغال زاده وزير مكرم" ; fairly clean copy.</subfield></datafield><datafield tag="650" ind1=" " ind2="0"><subfield code="a">Manuscripts, Turkish</subfield><subfield code="z">Michigan</subfield><subfield code="z">Ann Arbor.</subfield></datafield><datafield tag="650" ind1=" " ind2="0"><subfield code="a">Imams (Shiites)</subfield><subfield code="v">Biography</subfield><subfield code="v">Early works to 1800.</subfield></datafield><datafield tag="650" ind1=" " ind2="0"><subfield code="a">Muslim martyrs</subfield><subfield code="v">Biography</subfield><subfield code="v">Early works to 1800.</subfield></datafield><datafield tag="650" ind1=" " ind2="0"><subfield code="a">Karbalāʼ, Battle of, Karbalāʼ, Iraq, 680</subfield><subfield code="v">Poetry</subfield><subfield code="v">Early works to 1800.</subfield></datafield><datafield tag="650" ind1=" " ind2="0"><subfield code="a">Suffering</subfield><subfield code="x">Religious aspects</subfield><subfield code="x">Islam</subfield><subfield code="v">Early works to 1800.</subfield></datafield><datafield tag="655" ind1=" " ind2="7"><subfield code="a">Headpiece (layout features)</subfield><subfield code="y">16th century.</subfield><subfield code="2">aat</subfield></datafield><datafield tag="700" ind1="0" ind2=" "><subfield code="a">Abdülhamid</subfield><subfield code="b">II,</subfield><subfield code="c">Sultan of the Turks,</subfield><subfield code="d">1842-1918,</subfield><subfield code="e">former owner.</subfield></datafield><datafield tag="700" ind1="1" ind2=" "><subfield code="6">880-04</subfield><subfield code="a">Kāshifī, Ḥusayn Vāʻiẓ,</subfield><subfield code="d">-1504 or 1505.</subfield><subfield code="t">Rawz̤at al-shuhadā.</subfield></datafield><datafield tag="773" ind1="0" ind2=" "><subfield code="a">Abdul Hamid Collection.</subfield></datafield><datafield tag="880" ind1="1" ind2=" "><subfield code="6">700-04/</subfield><subfield code="a">كاشفي، حسين واعظ.</subfield><subfield code="t">روضة الشهداء.</subfield></datafield><datafield tag="880" ind1="1" ind2="0"><subfield code="6">245-03/</subfield><subfield code="a">حديقة السعداء,</subfield><subfield code="f">[القرن 16م].</subfield></datafield><datafield tag="880" ind1="1" ind2="0"><subfield code="6">240-02/</subfield><subfield code="a">حديقة السعداء</subfield></datafield><datafield tag="880" ind1="0" ind2=" "><subfield code="6">100-01/</subfield><subfield code="a">فضولي.</subfield></datafield><datafield tag="CID" ind1=" " ind2=" "><subfield code="a">006822128</subfield></datafield><datafield tag="DAT" ind1="0" ind2=" "><subfield code="a">20190719102640.0</subfield><subfield code="b">20190719000000.0</subfield></datafield><datafield tag="DAT" ind1="1" ind2=" "><subfield code="a">20190719090653.0</subfield><subfield code="b">2019-07-19T16:12:09Z</subfield></datafield><datafield tag="DAT" ind1="2" ind2=" "><subfield code="a">2015-10-10T18:00:06Z</subfield></datafield><datafield tag="CAT" ind1=" " ind2=" "><subfield code="a">SDR-MIU</subfield><subfield code="d">EX LIBRIS - ALEPH</subfield><subfield code="l">prepare.pl-004-008</subfield></datafield><datafield tag="FMT" ind1=" " ind2=" "><subfield code="a">BK</subfield></datafield><datafield tag="HOL" ind1=" " ind2=" "><subfield code="0">sdr-miu006822128</subfield><subfield code="a">MiU</subfield><subfield code="b">SDR</subfield><subfield code="c">MIU</subfield><subfield code="p">mdp.39015079130541</subfield><subfield code="s">MIU</subfield><subfield code="1">006822128</subfield></datafield><datafield tag="974" ind1=" " ind2=" "><subfield code="b">MIU</subfield><subfield code="c">MIU</subfield><subfield code="d">20190719</subfield><subfield code="s">lit-dlps-dc</subfield><subfield code="u">mdp.39015079130541</subfield><subfield code="y">1599</subfield><subfield code="r">pd</subfield><subfield code="q">bib</subfield><subfield code="t">non-US bib date1 &lt; 1879</subfield></datafield></record></collection>